<record><leader>00000cas a2200000 a 4500</leader><controlfield tag="001">33895524</controlfield><controlfield tag="008">951213d191u1927fluwr ne      0    0eng c</controlfield><datafield ind1=" " ind2=" " tag="010"><subfield code="a">sn 95047399 </subfield></datafield><datafield ind1=" " ind2=" " tag="040"><subfield code="a">FUG</subfield><subfield code="b">eng</subfield><subfield code="c">FUG</subfield><subfield code="d">OCLCQ</subfield><subfield code="d">OCLCF</subfield><subfield code="d">OCLCO</subfield></datafield><datafield ind1=" " ind2=" " tag="012"><subfield code="i">9512</subfield></datafield><datafield ind1="1" ind2=" " tag="029"><subfield code="a">AU@</subfield><subfield code="b">000025892930</subfield></datafield><datafield ind1=" " ind2=" " tag="042"><subfield code="a">pcc</subfield></datafield><datafield ind1=" " ind2=" " tag="043"><subfield code="a">n-us-fl</subfield></datafield><datafield ind1="0" ind2="4" tag="245"><subfield code="a">The Sebring white way.</subfield></datafield><datafield ind1="1" ind2="3" tag="246"><subfield code="a">White way</subfield></datafield><datafield ind1=" " ind2=" " tag="260"><subfield code="a">Sebring, Fla. :</subfield><subfield code="b">[s.n.]</subfield></datafield><datafield ind1=" " ind2=" " tag="300"><subfield code="a">v.</subfield></datafield><datafield ind1=" " ind2=" " tag="310"><subfield code="a">Weekly (published on Friday)</subfield></datafield><datafield ind1="1" ind2=" " tag="362"><subfield code="a">Ceased in 1927.</subfield></datafield><datafield ind1=" " ind2=" " tag="500"><subfield code="a">Publisher: Elijah P. Brown, &lt;1916&gt;; E.E. Skipper, &lt;1916&gt;; Ruhl &amp; Son, &lt;1917-1921&gt;; White Way Pub. Co., &lt;1922-1924&gt;.</subfield></datafield><datafield ind1=" " ind2=" " tag="580"><subfield code="a">Daily ed.: Sebring daily American, 1925-1927.</subfield></datafield><datafield ind1=" " ind2=" " tag="588"><subfield code="a">Description based on: Vol. 2, no. 11 (Mar. 17, 1916).</subfield></datafield><datafield ind1=" " ind2=" " tag="588"><subfield code="a">Latest issue consulted: Apr. 29, 1927.</subfield></datafield><datafield ind1=" " ind2="0" tag="651"><subfield code="a">Sebring (Fla.)</subfield><subfield code="v">Newspapers.</subfield></datafield><datafield ind1=" " ind2="0" tag="651"><subfield code="a">De Soto County (Fla.)</subfield><subfield code="v">Newspapers.</subfield></datafield><datafield ind1=" " ind2="0" tag="651"><subfield code="a">Highlands County (Fla.)</subfield><subfield code="v">Newspapers.</subfield></datafield><datafield ind1=" " ind2="7" tag="655"><subfield code="a">Newspapers.</subfield><subfield code="2">fast</subfield><subfield code="0">(OCoLC)fst01423814</subfield></datafield><datafield ind1=" " ind2="7" tag="651"><subfield code="a">Florida</subfield><subfield code="z">De Soto County.</subfield><subfield code="2">fast</subfield><subfield code="0">(OCoLC)fst01215625</subfield></datafield><datafield ind1=" " ind2="7" tag="651"><subfield code="a">Florida</subfield><subfield code="z">Highlands County.</subfield><subfield code="2">fast</subfield><subfield code="0">(OCoLC)fst01214945</subfield></datafield><datafield ind1=" " ind2="7" tag="651"><subfield code="a">Florida</subfield><subfield code="z">Sebring.</subfield><subfield code="2">fast</subfield><subfield code="0">(OCoLC)fst01215851</subfield></datafield><datafield ind1=" " ind2=" " tag="752"><subfield code="a">United States</subfield><subfield code="b">Florida</subfield><subfield code="c">Highlands</subfield><subfield code="d">Sebring.</subfield></datafield><datafield ind1=" " ind2=" " tag="752"><subfield code="a">United States</subfield><subfield code="b">Florida</subfield><subfield code="c">De Soto</subfield><subfield code="d">Sebring.</subfield></datafield><datafield ind1="1" ind2=" " tag="775"><subfield code="t">Sebring daily American</subfield><subfield code="w">(DLC)sn 86063017</subfield><subfield code="w">(OCoLC)13020715</subfield></datafield><datafield ind1=" " ind2=" " tag="850"><subfield code="a">FU</subfield></datafield></record>